@incollection {Bartholdi:Engel,
    AUTHOR = {Bartholdi, Laurent},
     TITLE = {Algorithmic decidability of {E}ngel's property for automaton
              groups},
 BOOKTITLE = {Computer science---theory and applications},
    SERIES = {Lecture Notes in Comput. Sci.},
    VOLUME = {9691},
     PAGES = {29--40},
 PUBLISHER = {Springer, [Cham]},
      YEAR = {2016},
   MRCLASS = {20F10 (20F45 68Q45 68W30)},
  MRNUMBER = {3533843},
       DOI = {10.1007/978-3-319-34171-2_3},
       URL = {http://dx.doi.org/10.1007/978-3-319-34171-2_3},
}

@misc{FR2.3.6,
  author =           {Bartholdi, Laurent},
  title =            {{FR}, Computations with functionally recursive groups,
                      {V}ersion 2.3.6},
  month =            {Apr},
  year =             {2016},
  note =             {GAP package},
  howpublished = {\verb+https://www.gap-system.org/Packages/fr.html+},
  
}

@misc{LPRES0.3.0,
  author =           {Bartholdi, Laurent and Hartung, Ren{\'e}},
  title =            {GAP Package {LPRES},
                      {V}ersion 0.3.0},
  month =            {Mai},
  year =             {2016},
  note =             {GAP package},
  url          = {\verb+(https://laurentbartholdi.github.io/lpres)+},
  howpublished = {\verb+https://laurentbartholdi.github.io/lpres+},
}

@article {Bartholdi:Growth,
    AUTHOR = {Bartholdi, Laurent},
     TITLE = {The growth of {G}rigorchuk's torsion group},
   JOURNAL = {Internat. Math. Res. Notices},
  FJOURNAL = {International Mathematics Research Notices},
      YEAR = {1998},
    NUMBER = {20},
     PAGES = {1049--1054},
      ISSN = {1073-7928},
   MRCLASS = {20F32},
  MRNUMBER = {1656258},
MRREVIEWER = {Victor Petrogradsky},
       DOI = {10.1155/S1073792898000622},
       URL = {http://dx.doi.org/10.1155/S1073792898000622},
}

@article{Bartholdi:RepresentationZetaFunctions,
  author = "Bartholdi, Laurent",
  title = "{Representation zeta functions of self-similar branched groups}",
  journal = {ArXiv e-prints},
  archivePrefix = "arXiv",
  eprint = {1303.1805},
  primaryClass = "math.GR",
  keywords = {Mathematics - Group Theory},
  year = 2013,
  month = mar
}

@article {Bartholdi-Grigorchuk:parabolicSubgroups,
    AUTHOR = {Bartholdi, Laurent and Grigorchuk, Rostislav I.},
     TITLE = {On parabolic subgroups and {H}ecke algebras of some fractal
              groups},
   JOURNAL = {Serdica Math. J.},
  FJOURNAL = {Serdica. Mathematical Journal. Serdika. Matematichesko
              Spisanie},
    VOLUME = {28},
      YEAR = {2002},
    NUMBER = {1},
     PAGES = {47--90},
      ISSN = {1310-6600},
   MRCLASS = {20E08 (20C08)},
  MRNUMBER = {1899368},
MRREVIEWER = {S. Andreadakis},
}
@incollection {Bartholdi-Grigorchuk-Sunik:BranchGroups,
    AUTHOR = {Bartholdi, Laurent and Grigorchuk, Rostislav I. and {\v S}uni{\'k},
              Zoran},
     TITLE = {Branch groups},
 BOOKTITLE = {Handbook of algebra, {V}ol. 3},
    SERIES = {Handb. Algebr.},
    VOLUME = {3},
     PAGES = {989--1112},
 PUBLISHER = {Elsevier/North-Holland, Amsterdam},
      YEAR = {2003},
   MRCLASS = {20E08 (05C25 20F10 20F65 22D10 37B05 43A07 68Q70)},
  MRNUMBER = {2035113},
MRREVIEWER = {Tullio G. Ceccherini-Silberstein},
       DOI = {10.1016/S1570-7954(03)80078-5},
       URL = {http://dx.doi.org/10.1016/S1570-7954(03)80078-5},
}

@book {Burnside:Groups,
    AUTHOR = {Burnside, William},
     TITLE = {Theory of groups of finite order},
      NOTE = {2d ed},
 PUBLISHER = {Dover Publications, Inc., New York},
      YEAR = {1955},
     PAGES = {xxiv+512},
   MRCLASS = {20.0X},
  MRNUMBER = {0069818},
}

@book {Calegari:SCL,
    AUTHOR = {Calegari, Danny},
     TITLE = {scl},
    SERIES = {MSJ Memoirs},
    VOLUME = {20},
 PUBLISHER = {Mathematical Society of Japan, Tokyo},
      YEAR = {2009},
     PAGES = {xii+209},
      ISBN = {978-4-931469-53-2},
   MRCLASS = {57M07 (20F65 20F67 20J05 37E45)},
  MRNUMBER = {2527432},
MRREVIEWER = {Athanase Papadopoulos},
       DOI = {10.1142/e018},
       URL = {http://dx.doi.org/10.1142/e018},
}

@article{Comerford-Edmunds:EquationsFreeGroups,
    AUTHOR = {Comerford, Jr., Leo P. and Edmunds, Charles C.},
     TITLE = {Quadratic equations over free groups and free products},
   JOURNAL = {J. Algebra},
  FJOURNAL = {Journal of Algebra},
    VOLUME = {68},
      YEAR = {1981},
    NUMBER = {2},
     PAGES = {276--297},
      ISSN = {0021-8693},
   MRCLASS = {20F10 (03D40 20E06)},
  MRNUMBER = {608536},
MRREVIEWER = {Robert G. Burns},
       DOI = {10.1016/0021-8693(81)90265-9},
       URL = {http://dx.doi.org/10.1016/0021-8693(81)90265-9},
}
@article {Eisenbud-Hirsch-Neumann:SeifertBundles,
    AUTHOR = {Eisenbud, David and Hirsch, Ulrich and Neumann, Walter},
     TITLE = {Transverse foliations of {S}eifert bundles and
              self-homeomorphism of the circle},
   JOURNAL = {Comment. Math. Helv.},
  FJOURNAL = {Commentarii Mathematici Helvetici},
    VOLUME = {56},
      YEAR = {1981},
    NUMBER = {4},
     PAGES = {638--660},
      ISSN = {0010-2571},
   MRCLASS = {57R30 (57M99 58F11)},
  MRNUMBER = {656217},
MRREVIEWER = {Christopher W. Stark},
       DOI = {10.1007/BF02566232},
       URL = {http://dx.doi.org/10.1007/BF02566232},
}

@article {Fink:Conjugacy_growth,
    AUTHOR = {Fink, Elisabeth},
     TITLE = {Conjugacy growth and width of certain branch groups},
   JOURNAL = {Internat. J. Algebra Comput.},
  FJOURNAL = {International Journal of Algebra and Computation},
    VOLUME = {24},
      YEAR = {2014},
    NUMBER = {8},
     PAGES = {1213--1231},
      ISSN = {0218-1967},
   MRCLASS = {20F65 (20F69)},
  MRNUMBER = {3296364},
MRREVIEWER = {Mustafa G{\"o}khan Benli},
       DOI = {10.1142/S0218196714500544},
       URL = {http://dx.doi.org/10.1142/S0218196714500544},
}

@manual{GAP4,
   key          = "GAP",
   organization = "The GAP~Group",
   title        = "{GAP -- Groups, Algorithms, and Programming, Version 4.7.5}",
   year         = 2014,
   url          = "\verb+(http://www.gap-system.org)+",
}

@article {Grigorchuk-Wilson:Commensurability,
    AUTHOR = {Grigorchuk, R. I. and Wilson, J. S.},
     TITLE = {A structural property concerning abstract commensurability of
              subgroups},
   JOURNAL = {J. London Math. Soc. (2)},
  FJOURNAL = {Journal of the London Mathematical Society. Second Series},
    VOLUME = {68},
      YEAR = {2003},
    NUMBER = {3},
     PAGES = {671--682},
      ISSN = {0024-6107},
   MRCLASS = {20F10 (20E08 20E34)},
  MRNUMBER = {2009443},
MRREVIEWER = {Tullio G. Ceccherini-Silberstein},
       DOI = {10.1112/S0024610703004745},
       URL = {http://dx.doi.org/10.1112/S0024610703004745},
}

@article {Guralnick:Group96,
    AUTHOR = {Guralnick, Robert M.},
     TITLE = {Expressing group elements as commutators},
   JOURNAL = {Rocky Mountain J. Math.},
  FJOURNAL = {The Rocky Mountain Journal of Mathematics},
    VOLUME = {10},
      YEAR = {1980},
    NUMBER = {3},
     PAGES = {651--654},
      ISSN = {0035-7596},
   MRCLASS = {20F12},
  MRNUMBER = {590227},
MRREVIEWER = {I. D. Macdonald},
       DOI = {10.1216/RMJ-1980-10-3-651},
       URL = {http://dx.doi.org/10.1216/RMJ-1980-10-3-651},
}

@article {Liebeck:OreConjecture,
    AUTHOR = {Liebeck, Martin W. and O'Brien, E. A. and Shalev, Aner and
              Tiep, Pham Huu},
     TITLE = {The {O}re conjecture},
   JOURNAL = {J. Eur. Math. Soc. (JEMS)},
  FJOURNAL = {Journal of the European Mathematical Society (JEMS)},
    VOLUME = {12},
      YEAR = {2010},
    NUMBER = {4},
     PAGES = {939--1008},
      ISSN = {1435-9855},
   MRCLASS = {20D05 (20C15 20D06)},
  MRNUMBER = {2654085},
MRREVIEWER = {Ronald Solomon},
       DOI = {10.4171/JEMS/220},
       URL = {http://dx.doi.org/10.4171/JEMS/220},
}

@ARTICLE{Lysenok-Miasnikov-Ushakov:QuadraticEquationsInGrig,
    AUTHOR = {Lysenok, Igor and Miasnikov, Alexei and Ushakov, Alexander},
     TITLE = {Quadratic equations in the {G}rigorchuk group},
   JOURNAL = {Groups Geom. Dyn.},
  FJOURNAL = {Groups, Geometry, and Dynamics},
    VOLUME = {10},
      YEAR = {2016},
    NUMBER = {1},
     PAGES = {201--239},
      ISSN = {1661-7207},
   MRCLASS = {68W30 (20F10)},
  MRNUMBER = {3460336},
       DOI = {10.4171/GGD/348},
       URL = {http://dx.doi.org/10.4171/GGD/348},
   eprint = {1304.5579},
}

@book{Nekrashevych:SelfSimilarGroups,
    AUTHOR = {Nekrashevych, Volodymyr},
     TITLE = {Self-similar groups},
    SERIES = {Mathematical Surveys and Monographs},
    VOLUME = {117},
 PUBLISHER = {American Mathematical Society, Providence, RI},
      YEAR = {2005},
     PAGES = {xii+231},
      ISBN = {0-8218-3831-8},
   MRCLASS = {20E08 (20F65 37B15 37F10)},
  MRNUMBER = {2162164},
MRREVIEWER = {Laurent Bartholdi},
       DOI = {10.1090/surv/117},
       URL = {http://dx.doi.org/10.1090/surv/117},
}

@article {Ore:Commutators,
    AUTHOR = {Ore, Oystein},
     TITLE = {Some remarks on commutators},
   JOURNAL = {Proc. Amer. Math. Soc.},
  FJOURNAL = {Proceedings of the American Mathematical Society},
    VOLUME = {2},
      YEAR = {1951},
     PAGES = {307--314},
      ISSN = {0002-9939},
   MRCLASS = {20.0X},
  MRNUMBER = {0040298},
MRREVIEWER = {G. Higman},
       DOI = {10.2307/2032506},
       URL = {http://dx.doi.org/10.2307/2032506},
}

@article{Rozhkov:Centralizers,
    AUTHOR = {Rozhkov, Alexander V.},
     TITLE = {Centralizers of elements in a group of tree automorphisms},
   JOURNAL = {Izv. Ross. Akad. Nauk Ser. Mat.},
  FJOURNAL = {Rossi\u\i skaya Akademiya Nauk. Izvestiya. Seriya
              Matematicheskaya},
    VOLUME = {57},
      YEAR = {1993},
    NUMBER = {no.~6},
     PAGES = {82--105},
      ISSN = {0373-2436},
   MRCLASS = {20E08},
  MRNUMBER = {1256568},
MRREVIEWER = {N. F. Kuzennyi},
       DOI = {10.1070/IM1994v043n03ABEH001639},
       URL = {http://dx.doi.org/10.1070/IM1994v043n03ABEH001639},
}