



@article{ Amir:Amenability_of_automaton_groups,
  author =           {Gideon, A. and Omer, A. and B{\a'a}lint, V.},
  title =            {Amenability of linear-activity automaton groups},
  journal =          {Journal of the european Mathematical society},
  volume =           {15},
  number =           {3},
  year =             {2013},
  pages =            {705 - 730},
  doi =              {10.4171/JEMS/373},
  printedkey =       {GOB13}
}
@incollection{ Bartholdi:Engel,
  author =           {Bartholdi, L.},
  booktitle =        {Computer science---theory and applications},
  title =            {Algorithmic decidability of {E}ngel's property for automaton groups},
  publisher =        {Springer, [Cham]},
  series =           {Lecture Notes in Comput. Sci.},
  volume =           {9691},
  year =             {2016},
  pages =            {29--40},
  mrclass =          {20F10 (20F45 68Q45 68W30)},
  mrnumber =         {3533843},
  url =              {http://dx.doi.org/10.1007/978-3-319-34171-2{\textunderscore}3},
  doi =              {10.1007/978-3-319-34171-2{\textunderscore}3},
  printedkey =       {Bar16}
}
@misc{ FR2.3.6,
  author =           {Bartholdi, L.},
  title =            {{FR}, Computations with functionally recursive groups, {V}ersion 2.3.6},
  month =            {Apr},
  year =             {2016},
  note =             {GAP package},
  howpublished =     {\texttt{\symbol{92}}verb+https://www.gap-system.org/Packages/fr.html+},
  printedkey =       {Bar16}
}
@misc{ LPRES0.3.0,
  author =           {Bartholdi, L. and Hartung, R.},
  title =            {GAP Package {LPRES}, {V}ersion 0.3.0},
  month =            {Mai},
  year =             {2016},
  note =             {GAP package},
  howpublished =     {\texttt{\symbol{92}}verb+https://laurentbartholdi.github.io/lpres+},
  url =              {\texttt{\symbol{92}}verb+(https://laurentbartholdi.github.io/lpres)+},
  printedkey =       {BH16}
}
@article{ Bartholdi:Growth,
  author =           {Bartholdi, L.},
  title =            {The growth of {G}rigorchuk's torsion group},
  journal =          {Internat. Math. Res. Notices},
  number =           {20},
  year =             {1998},
  pages =            {1049--1054},
  fjournal =         {International Mathematics Research Notices},
  issn =             {1073-7928},
  mrclass =          {20F32},
  mrnumber =         {1656258},
  mrreviewer =       {Victor Petrogradsky},
  url =              {http://dx.doi.org/10.1155/S1073792898000622},
  doi =              {10.1155/S1073792898000622},
  printedkey =       {Bar98}
}
@article{ Bartholdi:Mothergroups,
  author =           {Bartholdi, L. and Kaimanovich, V. A. and Nekrashevych, V. V.},
  title =            {On amenability of automata groups},
  journal =          {Duke Math. J.},
  month =            {09},
  publisher =        {Duke University Press},
  volume =           {154},
  number =           {3},
  year =             {2010},
  pages =            {575--598},
  fjournal =         {Duke Mathematical Journal},
  url =              {http://dx.doi.org/10.1215/00127094-2010-046},
  doi =              {10.1215/00127094-2010-046},
  printedkey =       {BKN10}
}
@article{ Bartholdi:RepresentationZetaFunctions,
  author =           {Bartholdi, L.},
  title =            {{Representation zeta functions of self-similar branched groups}},
  journal =          {ArXiv e-prints},
  month =            {STRING-NOT-KNOWN: mar},
  year =             {2013},
  keywords =         {Mathematics - Group Theory},
  archiveprefix =    {arXiv},
  eprint =           {1303.1805},
  primaryclass =     {math.GR},
  printedkey =       {Bar13}
}
@article{ Bartholdi:zeta_functions,
  author =           {Bartholdi, L. and de la Harpe, P.},
  title =            {Representation zeta functions of wreath products with finite groups},
  journal =          {Groups, Geometry, and Dynamics},
  year =             {2010},
  printedkey =       {BH10},
  publischer =       {European Mathematical Society}
}
@article{ Bartholdi:Endomorphic_presentations,
  author =           {Bartholdi, L.},
  title =            {Endomorphic presentations of branch groups},
  journal =          {Journal of Algebra},
  volume =           {268},
  number =           {2},
  year =             {2003},
  pages =            {419 - 443},
  issn =             {0021-8693},
  url =              {http://www.sciencedirect.com/science/article/pii/S0021869303002680},
  doi =              {http://dx.doi.org/10.1016/S0021-8693(03)00268-0},
  printedkey =       {Bar03}
}
@article{ Bartholdi-Groth-Lysenok:CommutatorWithGrig,
  author =           {\texttt{\symbol{123}}Bartholdi\texttt{\symbol{125}},        L.       and
                      \texttt{\symbol{123}}Groth\texttt{\symbol{125}},          T.         and
                      \texttt{\symbol{123}}Lysenok\texttt{\symbol{125}}, I.},
  title =            {{Commutator width in the first Grigorchuk group}},
  journal =          {ArXiv e-prints},
  month =            {STRING-NOT-KNOWN: oct},
  year =             {2017},
  keywords =         {Mathematics - Group Theory, Computer Science - Logic in Computer Science},
  archiveprefix =    {arXiv},
  eprint =           {1710.05706},
  primaryclass =     {math.GR},
  printedkey =       {\texttt{\symbol{123}}\texttt{\symbol{123}}\texttt{\symbol{123}}17}
}
@article{ miller1899,
  author =           {Miller, G. A.},
  title =            {On the commutators of a given group},
  journal =          {Bull. Amer. Math. Soc.},
  month =            {12},
  publisher =        {American Mathematical Society},
  volume =           {6},
  number =           {3},
  year =             {1899},
  pages =            {105--109},
  fjournal =         {Bulletin of the American Mathematical Society},
  url =              {http://projecteuclid.org/euclid.bams/1183416038},
  printedkey =       {Mil99}
}
@article{ Bartholdi-Grigorchuk:parabolicSubgroups,
  author =           {Bartholdi, L. and Grigorchuk, R. I.},
  title =            {On parabolic subgroups and {H}ecke algebras of some fractal groups},
  journal =          {Serdica Math. J.},
  volume =           {28},
  number =           {1},
  year =             {2002},
  pages =            {47--90},
  fjournal =         {Serdica. Mathematical Journal. Serdika. Matematichesko Spisanie},
  issn =             {1310-6600},
  mrclass =          {20E08 (20C08)},
  mrnumber =         {1899368},
  mrreviewer =       {S. Andreadakis},
  printedkey =       {BG02}
}
@incollection{ Bartholdi-Grigorchuk-Sunik:BranchGroups,
  author =           {Bartholdi, L. and Grigorchuk, R. I. and Sunik, Z.},
  booktitle =        {Handbook of algebra, {V}ol. 3},
  title =            {Branch groups},
  publisher =        {Elsevier/North-Holland, Amsterdam},
  series =           {Handb. Algebr.},
  volume =           {3},
  year =             {2003},
  pages =            {989--1112},
  mrclass =          {20E08 (05C25 20F10 20F65 22D10 37B05 43A07 68Q70)},
  mrnumber =         {2035113},
  mrreviewer =       {Tullio G. Ceccherini-Silberstein},
  url =              {http://dx.doi.org/10.1016/S1570-7954(03)80078-5},
  doi =              {10.1016/S1570-7954(03)80078-5},
  printedkey =       {BGS03}
}
@article{ Bartholdi-Mitrofanov:OrderProblem,
  author =           {\texttt{\symbol{123}}Bartholdi\texttt{\symbol{125}},        L.       and
                      \texttt{\symbol{123}}Mitrofanov\texttt{\symbol{125}}, I.},
  title =            {{The word and order problems for self-similar and automata groups}},
  journal =          {ArXiv e-prints},
  month =            {STRING-NOT-KNOWN: oct},
  year =             {2017},
  keywords =         {Mathematics - Group Theory, Computer Science - Logic in Computer Science},
  archiveprefix =    {arXiv},
  eprint =           {1710.10109},
  primaryclass =     {math.GR},
  printedkey =       {\texttt{\symbol{123}}\texttt{\symbol{123}}17}
}
@article{ Bondarenko:PostCriticallyGroups,
  author =           {Bondarenko, E. and Nekrashevych, V.},
  title =            {Post-critically finite self-similar groups},
  journal =          {Algebra Discrete Math.},
  number =           {4},
  year =             {2003},
  pages =            {21--32},
  fjournal =         {Algebra and Discrete Mathematics},
  issn =             {1726-3255},
  mrclass =          {20E08},
  mrnumber =         {2070400},
  mrreviewer =       {Olympia Talelli},
  printedkey =       {BN03}
}
@article{ BBSZ:CP-for_f.s.,
  author =           {Bondarenko,  I. V. and Bondarenko, N. V. and Sidki, S. N. and Zapata, F.
                      R.},
  title =            {On  the  conjugacy  problem  for  finite--state automorphisms of regular
                      rooted trees},
  journal =          {Noncommutative Geometry},
  volume =           {7},
  number =           {2},
  year =             {2013},
  pages =            {pp. 323--355},
  printedkey =       {BBSZ13}
}
@article{ BrunnerSidki:GLnZAutomatongroup,
  author =           {Brunner, A. M. and Sidki, S.},
  title =            {The generation of {${\rm GL}(n,\bold Z)$} by finite state automata},
  journal =          {Internat. J. Algebra Comput.},
  volume =           {8},
  number =           {1},
  year =             {1998},
  pages =            {127--139},
  fjournal =         {International Journal of Algebra and Computation},
  issn =             {0218-1967},
  mrclass =          {20F10 (68Q68)},
  mrnumber =         {1492064},
  mrreviewer =       {Olympia Talelli},
  url =              {https://doi.org/10.1142/S0218196798000077},
  printedkey =       {BS98}
}
@book{ Burnside:Groups,
  author =           {Burnside, W.},
  title =            {Theory of groups of finite order},
  publisher =        {Dover Publications, Inc., New York},
  year =             {1955},
  pages =            {xxiv+512},
  note =             {2d ed},
  mrclass =          {20.0X},
  mrnumber =         {0069818},
  printedkey =       {Bur55}
}
@book{ Calegari:SCL,
  author =           {Calegari, D.},
  title =            {scl},
  publisher =        {Mathematical Society of Japan, Tokyo},
  series =           {MSJ Memoirs},
  volume =           {20},
  year =             {2009},
  pages =            {xii+209},
  isbn =             {978-4-931469-53-2},
  mrclass =          {57M07 (20F65 20F67 20J05 37E45)},
  mrnumber =         {2527432},
  mrreviewer =       {Athanase Papadopoulos},
  url =              {http://dx.doi.org/10.1142/e018},
  doi =              {10.1142/e018},
  printedkey =       {Cal09}
}
@article{ Comerford-Edmunds:EquationsFreeGroups,
  author =           {Comerford Jr., L. P. and Edmunds, C. C.},
  title =            {Quadratic equations over free groups and free products},
  journal =          {J. Algebra},
  volume =           {68},
  number =           {2},
  year =             {1981},
  pages =            {276--297},
  fjournal =         {Journal of Algebra},
  issn =             {0021-8693},
  mrclass =          {20F10 (03D40 20E06)},
  mrnumber =         {608536},
  mrreviewer =       {Robert G. Burns},
  url =              {http://dx.doi.org/10.1016/0021-8693(81)90265-9},
  doi =              {10.1016/0021-8693(81)90265-9},
  printedkey =       {JE81}
}
@article{ Dehn:DecisionProblems,
  author =           {Dehn, M.},
  title =            {\texttt{\symbol{92}}"Uber unendliche diskontinuierliche {G}ruppen},
  journal =          {Math. Ann.},
  volume =           {71},
  number =           {1},
  year =             {1911},
  pages =            {116--144},
  fjournal =         {Mathematische Annalen},
  issn =             {0025-5831},
  mrclass =          {DML},
  mrnumber =         {1511645},
  url =              {https://doi.org/10.1007/BF01456932},
  printedkey =       {Deh11}
}
@article{ Eisenbud-Hirsch-Neumann:SeifertBundles,
  author =           {Eisenbud, D. and Hirsch, U. and Neumann, W.},
  title =            {Transverse foliations of {S}eifert bundles and self-homeomorphism of the
                      circle},
  journal =          {Comment. Math. Helv.},
  volume =           {56},
  number =           {4},
  year =             {1981},
  pages =            {638--660},
  fjournal =         {Commentarii Mathematici Helvetici},
  issn =             {0010-2571},
  mrclass =          {57R30 (57M99 58F11)},
  mrnumber =         {656217},
  mrreviewer =       {Christopher W. Stark},
  url =              {http://dx.doi.org/10.1007/BF02566232},
  doi =              {10.1007/BF02566232},
  printedkey =       {EHN81}
}
@article{ Neumann:questions_of_edjvet_and_pride,
  author =           {Neumann, P. M.},
  title =            {Some questions of Edjvet and Pride about infinite groups},
  journal =          {Illinois J. Math.},
  month =            {06},
  publisher =        {University of Illinois at Urbana-Champaign, Department of Mathematics},
  volume =           {30},
  number =           {2},
  year =             {1986},
  pages =            {301--316},
  fjournal =         {Illinois Journal of Mathematics},
  url =              {http://projecteuclid.org/euclid.ijm/1256044639},
  printedkey =       {Neu86}
}
@book{ Farb-Margalit:MCG,
  author =           {Farb, B. and Margalit, D.},
  title =            {{A primer on mapping class groups}},
  publisher =        {Princeton University Press},
  year =             {2011},
  printedkey =       {FM11}
}
@article{ Fink:Conjugacy_growth,
  author =           {Fink, E.},
  title =            {Conjugacy growth and width of certain branch groups},
  journal =          {Internat. J. Algebra Comput.},
  volume =           {24},
  number =           {8},
  year =             {2014},
  pages =            {1213--1231},
  fjournal =         {International Journal of Algebra and Computation},
  issn =             {0218-1967},
  mrclass =          {20F65 (20F69)},
  mrnumber =         {3296364},
  mrreviewer =       {Mustafa
                      G\texttt{\symbol{123}}\texttt{\symbol{92}}"o\texttt{\symbol{125}}khan
                      Benli},
  url =              {http://dx.doi.org/10.1142/S0218196714500544},
  doi =              {10.1142/S0218196714500544},
  printedkey =       {Fin14}
}
@manual{ GAP4,
  title =            {{GAP -- Groups, Algorithms, and Programming, Version 4.7.5}},
  organization =     {The GAP\texttt{\symbol{126}}Group},
  year =             {2014},
  key =              {GAP},
  url =              {\texttt{\symbol{92}}verb+(http://www.gap-system.org)+}
}
@article{ Gillibert:OrderProblem,
  author =           {\texttt{\symbol{123}}Gillibert\texttt{\symbol{125}}, P.},
  title =            {{An automaton group with undecidable order and Engel problems}},
  journal =          {ArXiv e-prints},
  month =            {STRING-NOT-KNOWN: oct},
  year =             {2017},
  keywords =         {Mathematics - Group Theory},
  archiveprefix =    {arXiv},
  eprint =           {1710.09733},
  primaryclass =     {math.GR},
  printedkey =       {\texttt{\symbol{123}}Gi17}
}
@article{ Grigorchuk:Burnside,
  author =           {Grigorchuk, R. I.},
  title =            {On {B}urnside's problem on periodic groups},
  journal =          {Funktsional. Anal. i Prilozhen.},
  volume =           {14},
  number =           {1},
  year =             {1980},
  pages =            {53--54},
  fjournal =         {Akademiya                           Nauk                           SSSR.
                      Funktsional\$\texttt{\symbol{92}}prime\$ny\texttt{\symbol{92}}u\texttt{\symbol{92}}i
                      \texttt{\symbol{92}} Analiz i ego Prilozheniya},
  issn =             {0374-1990},
  mrclass =          {20F05},
  mrnumber =         {565099},
  mrreviewer =       {N. S. Chernikov},
  printedkey =       {Gri80}
}
@article{ Grigorchuk:Milnor,
  author =           {Grigorchuk, R. I.},
  title =            {On the {M}ilnor problem of group growth},
  journal =          {Dokl. Akad. Nauk SSSR},
  volume =           {271},
  number =           {1},
  year =             {1983},
  pages =            {30--33},
  fjournal =         {Doklady Akademii Nauk SSSR},
  issn =             {0002-3264},
  mrclass =          {20F05 (22D99)},
  mrnumber =         {712546},
  mrreviewer =       {Martha K. Smith},
  printedkey =       {Gri83}
}
@article{ Grigorchuk-Wilson:Commensurability,
  author =           {Grigorchuk, R. I. and Wilson, J. S.},
  title =            {A structural property concerning abstract commensurability of subgroups},
  journal =          {J. London Math. Soc. (2)},
  volume =           {68},
  number =           {3},
  year =             {2003},
  pages =            {671--682},
  fjournal =         {Journal of the London Mathematical Society. Second Series},
  issn =             {0024-6107},
  mrclass =          {20F10 (20E08 20E34)},
  mrnumber =         {2009443},
  mrreviewer =       {Tullio G. Ceccherini-Silberstein},
  url =              {http://dx.doi.org/10.1112/S0024610703004745},
  doi =              {10.1112/S0024610703004745},
  printedkey =       {GW03}
}
@article{ Grigorchuk-Wilson:ConjugacyProblem,
  author =           {Grigorchuk, R. I. and Wilson, J. S.},
  title =            {The conjugacy problem for certain branch groups},
  journal =          {Tr. Mat. Inst. Steklova},
  volume =           {231},
  number =           {Din. Sist., Avtom. i Beskon. Gruppy},
  year =             {2000},
  pages =            {215--230},
  fjournal =         {Trudy    Matematicheskogo    Instituta    Imeni    V.    A.    Steklova.
                      Rossi\texttt{\symbol{92}}u\texttt{\symbol{92}}i skaya Akademiya Nauk},
  issn =             {0371-9685},
  mrclass =          {20F10 (20E22)},
  mrnumber =         {1841756},
  mrreviewer =       {Martin Edjvet},
  printedkey =       {GW00}
}
@article{ Gupta-Sidki:PGroups,
  author =           {Gupta, N. and Sidki, S. d.},
  title =            {On the {B}urnside problem for periodic groups},
  journal =          {Math. Z.},
  volume =           {182},
  number =           {3},
  year =             {1983},
  pages =            {385--388},
  fjournal =         {Mathematische Zeitschrift},
  issn =             {0025-5874},
  mrclass =          {20F50},
  mrnumber =         {696534},
  mrreviewer =       {Seymour Bachmuth},
  url =              {http://dx.doi.org/10.1007/BF01179757},
  doi =              {10.1007/BF01179757},
  printedkey =       {GS83}
}
@article{ Guralnick:Group96,
  author =           {Guralnick, R. M.},
  title =            {Expressing group elements as commutators},
  journal =          {Rocky Mountain J. Math.},
  volume =           {10},
  number =           {3},
  year =             {1980},
  pages =            {651--654},
  fjournal =         {The Rocky Mountain Journal of Mathematics},
  issn =             {0035-7596},
  mrclass =          {20F12},
  mrnumber =         {590227},
  mrreviewer =       {I. D. Macdonald},
  url =              {http://dx.doi.org/10.1216/RMJ-1980-10-3-651},
  doi =              {10.1216/RMJ-1980-10-3-651},
  printedkey =       {Gur80}
}
@article{ Leonov:ConjugacyProblemGrig,
  author =           {Leonov, Y. G.},
  title =            {The conjugacy problem in a class of {$2$}-groups},
  journal =          {Mat. Zametki},
  volume =           {64},
  number =           {4},
  year =             {1998},
  pages =            {573--583},
  fjournal =         {Rossi\texttt{\symbol{92}}u\texttt{\symbol{92}}i  skaya  Akademiya  Nauk.
                      Matematicheskie Zametki},
  issn =             {0025-567X},
  mrclass =          {20F10},
  mrnumber =         {1687212},
  mrreviewer =       {Yuri M. Vazhenin},
  url =              {https://doi.org/10.1007/BF02314631},
  printedkey =       {Leo98}
}
@article{ Liebeck:OreConjecture,
  author =           {Liebeck, M. W. and O'Brien, E. A. and Shalev, A. and Tiep, P. H.},
  title =            {The {O}re conjecture},
  journal =          {J. Eur. Math. Soc. (JEMS)},
  volume =           {12},
  number =           {4},
  year =             {2010},
  pages =            {939--1008},
  fjournal =         {Journal of the European Mathematical Society (JEMS)},
  issn =             {1435-9855},
  mrclass =          {20D05 (20C15 20D06)},
  mrnumber =         {2654085},
  mrreviewer =       {Ronald Solomon},
  url =              {http://dx.doi.org/10.4171/JEMS/220},
  doi =              {10.4171/JEMS/220},
  printedkey =       {LOST10}
}
@article{ Lysenok-Miasnikov-Ushakov:QuadraticEquationsInGrig,
  author =           {Lysenok, I. and Miasnikov, A. and Ushakov, A.},
  title =            {Quadratic equations in the {G}rigorchuk group},
  journal =          {Groups Geom. Dyn.},
  volume =           {10},
  number =           {1},
  year =             {2016},
  pages =            {201--239},
  fjournal =         {Groups, Geometry, and Dynamics},
  issn =             {1661-7207},
  mrclass =          {68W30 (20F10)},
  mrnumber =         {3460336},
  url =              {http://dx.doi.org/10.4171/GGD/348},
  doi =              {10.4171/GGD/348},
  eprint =           {1304.5579},
  printedkey =       {LMU16}
}
@book{ Nekrashevych:SelfSimilarGroups,
  author =           {Nekrashevych, V.},
  title =            {Self-similar groups},
  publisher =        {American Mathematical Society, Providence, RI},
  series =           {Mathematical Surveys and Monographs},
  volume =           {117},
  year =             {2005},
  pages =            {xii+231},
  isbn =             {0-8218-3831-8},
  mrclass =          {20E08 (20F65 37B15 37F10)},
  mrnumber =         {2162164},
  mrreviewer =       {Laurent Bartholdi},
  url =              {http://dx.doi.org/10.1090/surv/117},
  doi =              {10.1090/surv/117},
  printedkey =       {Nek05}
}
@article{ Ore:Commutators,
  author =           {Ore, O.},
  title =            {Some remarks on commutators},
  journal =          {Proc. Amer. Math. Soc.},
  volume =           {2},
  year =             {1951},
  pages =            {307--314},
  fjournal =         {Proceedings of the American Mathematical Society},
  issn =             {0002-9939},
  mrclass =          {20.0X},
  mrnumber =         {0040298},
  mrreviewer =       {G. Higman},
  url =              {http://dx.doi.org/10.2307/2032506},
  doi =              {10.2307/2032506},
  printedkey =       {Ore51}
}
@article{ Rozhkov:Centralizers,
  author =           {Rozhkov, A. V.},
  title =            {Centralizers of elements in a group of tree automorphisms},
  journal =          {Izv. Ross. Akad. Nauk Ser. Mat.},
  volume =           {57},
  number =           {no.\texttt{\symbol{126}}6},
  year =             {1993},
  pages =            {82--105},
  fjournal =         {Rossi\texttt{\symbol{92}}u\texttt{\symbol{92}}i  skaya  Akademiya  Nauk.
                      Izvestiya. Seriya Matematicheskaya},
  issn =             {0373-2436},
  mrclass =          {20E08},
  mrnumber =         {1256568},
  mrreviewer =       {N. F. Kuzennyi},
  url =              {http://dx.doi.org/10.1070/IM1994v043n03ABEH001639},
  doi =              {10.1070/IM1994v043n03ABEH001639},
  printedkey =       {Roz93}
}
@article{ Rozhkov:ConjugacyProblemInGrig,
  author =           {Rozhkov, A. V.},
  title =            {The conjugacy problem in an automorphism group of an infinite tree},
  journal =          {Mat. Zametki},
  volume =           {64},
  number =           {4},
  year =             {1998},
  pages =            {592--597},
  fjournal =         {Rossi\texttt{\symbol{92}}u\texttt{\symbol{92}}i  skaya  Akademiya  Nauk.
                      Matematicheskie Zametki},
  issn =             {0025-567X},
  mrclass =          {20F10 (05C25)},
  mrnumber =         {1687204},
  mrreviewer =       {G. A. Noskov},
  url =              {https://doi.org/10.1007/BF02314633},
  printedkey =       {Roz98}
}
@article{ Rhemtulla:Commutators,
  author =           {Rhemtulla, A. H.},
  title =            {Commutators of certain finitely generated soluble groups},
  journal =          {Can. J. Math.},
  volume =           {21},
  number =           {5},
  year =             {1969},
  pages =            {1160--1164},
  fjournal =         {Canadian Journal of Mathematics},
  printedkey =       {Rhe69}
}
@article{ Rhemtulla:CommutatorsF2,
  author =           {Rhemtulla, A. H.},
  title =            {A problem of bounded expressibility in free products},
  journal =          {Mathematical Proceedings of the Cambridge Philosophical Society},
  publisher =        {Cambridge University Press},
  volume =           {64},
  number =           {3},
  year =             {1968},
  pages =            {573{\textendash}584},
  doi =              {10.1017/S0305004100043231},
  printedkey =       {Rhe68}
}
@book{ Segal:Words,
  author =           {Segal, D.},
  title =            {Words. Notes on Verbal Width in Groups},
  publisher =        {Cambridge University Press},
  series =           {London Mathematical Society Lecture Note Series 361},
  year =             {2009},
  isbn =             {052174766X,9780521747660},
  printedkey =       {Seg09}
}
@article{ Segal:Finite_Image_of_f.g._groups,
  author =           {Segal,Dan,},
  title =            {The finite images of finitely generated groups},
  journal =          {Proceedings of the London Mathematical Society},
  month =            {5},
  volume =           {82},
  year =             {2000},
  pages =            {597--613},
  issn =             {1460-244X},
  url =              {http://journals.cambridge.org/article{\textunderscore}S0024611501012886},
  issue =            {03},
  numpages =         {17},
  printedkey =       {Seg00}
}
@article{ Sidki:CircuitStructure,
  author =           {Sidki, S.},
  title =            {Automorphisms  of  one-rooted  trees:  growth,  circuit  structure,  and
                      acyclicity},
  journal =          {J. Math. Sci. (New York)},
  volume =           {100},
  number =           {1},
  year =             {2000},
  pages =            {1925--1943},
  note =             {Algebra, 12},
  fjournal =         {Journal of Mathematical Sciences (New York)},
  issn =             {1072-3374},
  mrclass =          {05C25 (05C45 68Q45)},
  mrnumber =         {1774362},
  url =              {http://dx.doi.org/10.1007/BF02677504},
  doi =              {10.1007/BF02677504},
  printedkey =       {Sid00}
}
@article{ Sidki:GSGsubgroupsAndAutomorphisms,
  author =           {Sidki, S.},
  title =            {On a {$2$}-generated infinite {$3$}-group: subgroups and automorphisms},
  journal =          {J. Algebra},
  volume =           {110},
  number =           {1},
  year =             {1987},
  pages =            {24--55},
  fjournal =         {Journal of Algebra},
  issn =             {0021-8693},
  mrclass =          {20F50},
  mrnumber =         {904180},
  mrreviewer =       {Seymour Bachmuth},
  url =              {http://dx.doi.org/10.1016/0021-8693(87)90035-4},
  doi =              {10.1016/0021-8693(87)90035-4},
  printedkey =       {Sid87}
}
@article{ SunicVentura:ConjugacyProblemUndecidable,
  author =           {\texttt{\symbol{92}}v Suni\texttt{\symbol{92}}'c, Z. and Ventura, E.},
  title =            {The conjugacy problem in automaton groups is not solvable},
  journal =          {J. Algebra},
  volume =           {364},
  year =             {2012},
  pages =            {148--154},
  fjournal =         {Journal of Algebra},
  issn =             {0021-8693},
  mrclass =          {20F10 (20E08)},
  mrnumber =         {2927052},
  mrreviewer =       {Volker Gebhardt},
  url =              {https://doi.org/10.1016/j.jalgebra.2012.04.014},
  printedkey =       {SV12}
}
@article{ Wilson-Zalesskii:ConjugacySepGrigGuptaSidki,
  author =           {Wilson, J. S. and Zalesskii, P. A.},
  title =            {Conjugacy separability of certain torsion groups},
  journal =          {Arch. Math. (Basel)},
  volume =           {68},
  number =           {6},
  year =             {1997},
  pages =            {441--449},
  fjournal =         {Archiv der Mathematik},
  issn =             {0003-889X},
  mrclass =          {20F50},
  mrnumber =         {1444655},
  mrreviewer =       {Sa\texttt{\symbol{92}}"\texttt{\symbol{92}}i d N. Sidki},
  url =              {https://doi.org/10.1007/s000130050076},
  printedkey =       {WZ97}
}
